@book{codd:relationalmodel,
	title = {Further normalization of the database relational model},
	author = {E. F. Codd},
	publisher = {Courant Institute: Prentice-Hall},
	year = {Oct 1972},
	isbn = {013196741X}
}

@book{date:dateondatabase,
	title = {Date on Database: Writings 2000-2006},
	author = {C. Date},
	publisher = {Springer-Verlag},
	year = {2007}
}

@book{book:eprogram,
	title = {Eprogram Informatica},
	author = {C. Iacobelli and M. L. Ajme and V. Marrone and G. Brunetti},
	publisher = {Juvenilia Scuola},
	year = {2014},
	isbn = {9788874853939}
}

@online{techopedia,
	title = {What is Third Normal Form?},
	author = {Cory Janssen},
	year = {2014},
	url = {https://www.techopedia.com/definition/22561/third-normal-form-3nf}
}

@online{wiki:bcnf,
	title = {3NF table not meeting BCNF (Boyceâ€“Codd normal form)},
	url = {https://en.wikipedia.org/wiki/Boyce%E2%80%93Codd_normal_form#3NF_table_not_meeting_BCNF_.28Boyce.E2.80.93Codd_normal_form.29}
}